% Encoding: UTF-8

@Article{aim2008minimumrank,
  author    = {{AIM Minimum Rank -- Special Graphs Work Group}},
  title     = {Zero forcing sets and the minimum rank of graphs},
  journal   = {Linear Algebra and its Applications},
  year      = {2008},
  volume    = {428},
  number    = {7},
  pages     = {1628--1648},
  month     = {apr},
  doi       = {10.1016/j.laa.2007.10.009},
  publisher = {Elsevier {BV}},
}

@Article{row2012technique,
  author    = {Row, Darren D.},
  title     = {A technique for computing the zero forcing number of a graph with a cut-vertex},
  journal   = {Linear Algebra and its Applications},
  year      = {2012},
  volume    = {436},
  number    = {12},
  pages     = {4423--4432},
  publisher = {Elsevier},
}

@Misc{wikiPvsNP,
  author = {{Wikipedia, the free encyclopedia}},
  title  = {{P} versus {NP} problem},
  url    = {https://en.wikipedia.org/wiki/P_versus_NP_problem},
}

@PhdThesis{aazami2008hardness,
  author = {Aazami, Ashkan},
  title  = {Hardness results and approximation algorithms for some problems on graphs},
  school = {University of Waterloo},
  year   = {2008},
}

@Article{plesnik1979np,
  author    = {Plesník, J.},
  title     = {The {NP}-completeness of the {H}amiltonian cycle problem in planar digraphs with degree bound two},
  journal   = {Information Processing Letters},
  year      = {1979},
  volume    = {8},
  number    = {4},
  pages     = {199--201},
  publisher = {Elsevier},
}

@Article{brimkov2017complexity,
  author    = {Brimkov, Boris and Hicks, Illya V.},
  title     = {Complexity and computation of connected zero forcing},
  journal   = {Discrete Applied Mathematics},
  year      = {2017},
  volume    = {229},
  pages     = {31--45},
  publisher = {Elsevier},
}

@Article{fallat2016complexity,
  author    = {Fallat, Shaun and Meagher, Karen and Yang, Boting},
  title     = {On the complexity of the positive semidefinite zero forcing number},
  journal   = {Linear Algebra and its Applications},
  year      = {2016},
  volume    = {491},
  pages     = {101--122},
  publisher = {Elsevier},
}

@Article{yang2013fast,
  author    = {Yang, Boting},
  title     = {Fast--mixed searching and related problems on graphs},
  journal   = {Theoretical Computer Science},
  year      = {2013},
  volume    = {507},
  pages     = {100--113},
  publisher = {Elsevier},
}

@Article{barioli2010zero,
  author    = {Barioli, Francesco and Barrett, Wayne and Fallat, Shaun M. and Hall, H. Tracy and Hogben, Leslie and Shader, Bryan and Van Den Driessche, Pauline and Van Der Holst, Hein},
  title     = {Zero forcing parameters and minimum rank problems},
  journal   = {Linear Algebra and its Applications},
  year      = {2010},
  volume    = {433},
  number    = {2},
  pages     = {401--411},
  publisher = {Elsevier},
}

@Article{amos2015kforcing,
  author    = {Amos, David and Caro, Yair and Davila, Randy and Pepper, Ryan},
  title     = {Upper bounds on the k-forcing number of a graph},
  journal   = {Discrete Applied Mathematics},
  year      = {2015},
  volume    = {181},
  pages     = {1--10},
  publisher = {Elsevier},
}

@Article{gentner2018bounds,
  author    = {Gentner, Michael and Rautenbach, Dieter},
  title     = {Some bounds on the zero forcing number of a graph},
  journal   = {Discrete Applied Mathematics},
  year      = {2018},
  volume    = {236},
  pages     = {203--213},
  publisher = {Elsevier},
}

@Article{lu2016proof,
  author    = {Lu, Leihao and Wu, Baoyindureng and Tang, Zixing},
  title     = {Proof of a conjecture on the zero forcing number of a graph},
  journal   = {Discrete Applied Mathematics},
  year      = {2016},
  volume    = {213},
  pages     = {233--237},
  publisher = {Elsevier},
}

@Article{davila2014bounds,
  author  = {Davila, Randy and Kenter, Franklin},
  title   = {Bounds for the zero-forcing number of graphs with large girth},
  journal = {Theory and Applications of Graphs},
  year    = {2015},
  volume  = {2},
  number  = {2},
  pages   = {članek 1, 8 str.},
}

@Article{gentner2016extremal,
  author    = {Gentner, Michael and Penso, Lucia D. and Rautenbach, Dieter and Souza, U{\'e}verton S.},
  title     = {Extremal values and bounds for the zero forcing number},
  journal   = {Discrete Applied Mathematics},
  year      = {2016},
  volume    = {214},
  pages     = {196--200},
  publisher = {Elsevier},
}

@Article{davila2018forcing,
  author    = {Davila, Randy and Henning, Michael A},
  title     = {The forcing number of graphs with given girth},
  journal   = {Quaestiones Mathematicae},
  year      = {2018},
  volume    = {41},
  number    = {2},
  pages     = {189--204},
  publisher = {Taylor \& Francis},
}

@Article{davila2018lower,
  author    = {Davila, Randy and Kalinowski, Thomas and Stephen, Sudeep},
  title     = {A lower bound on the zero forcing number},
  journal   = {Discrete Applied Mathematics},
  year      = {2018},
  volume    = {250},
  pages     = {363--367},
  publisher = {Elsevier},
}

@InProceedings{dean2011power,
  author       = {Dean, Nathaniel and Ilic, Alexandra and Ramirez, Ignacio and Shen, Jian and Tian, Kevin},
  title        = {On the power dominating sets of hypercubes},
  booktitle    = {14th IEEE International Conference on Computational Science and Engineering},
  year         = {2011},
  pages        = {488--491},
  organization = {IEEE},
}

@Article{benson2018zero,
  author  = {Benson, Katherine F. and Ferrero, Daniela and Flagg, Mary and Furst, Veronika and Hogben, Leslie and Vasilevska, Violeta and Wissman, Brian},
  title   = {Zero forcing and power domination for graph products},
  journal = {Australasian Journal of Combinatorics},
  year    = {2018},
  volume  = {70},
  number  = {2},
  pages   = {221--235},
}

@Article{bresar2017grundy,
  author    = {Bre{\v{s}}ar, Bo{\v{s}}tjan and Bujt{\'a}s, Csilla and Gologranc, Tanja and Klav{\v{z}}ar, Sandi and Ko{\v{s}}mrlj, Ga{\v{s}}per and Patk{\'o}s, Bal{\'a}zs and Tuza, Zsolt and Vizer, M{\'a}t{\'e}},
  title     = {Grundy dominating sequences and zero forcing sets},
  journal   = {Discrete Optimization},
  year      = {2017},
  volume    = {26},
  pages     = {66--77},
  publisher = {Elsevier},
}

@Article{davila2018claw,
  author    = {Davila, Randy and Henning, Michael A.},
  title     = {Zero forcing in claw-free cubic graphs},
  journal   = {Bulletin of the Malaysian Mathematical Sciences Society},
  year      = {2018},
  doi       = {10.1007/s40840-018-00705-5},
  publisher = {Springer},
}

@Article{davila2018total,
  author    = {Davila, Randy and Henning, Michael A.},
  title     = {Total forcing and zero forcing in claw-free cubic graphs},
  journal   = {Graphs and Combinatorics},
  year      = {2018},
  volume    = {34},
  number    = {6},
  pages     = {1371--1384},
  publisher = {Springer},
}

@Article{faudree1992independent,
  author    = {Faudree, Ralph J and Gould, Ronald J and Jacobson, Michael S and Lesniak, Linda M and Lindquester, TE},
  title     = {On independent generalized degrees and independence numbers in K (1, m)-free graphs},
  journal   = {Discrete mathematics},
  year      = {1992},
  volume    = {103},
  number    = {1},
  pages     = {17--24},
  publisher = {Elsevier},
}

@Article{booth2008minimum,
  author    = {Booth, Matthew and Hackney, Philip and Harris, Benjamin and Johnson, Charles R. and Lay, Margaret and Mitchell, Lon H. and Narayan, Sivaram K. and Pascoe, Amanda and Steinmetz, Kelly and Sutton, Brian D. and others},
  title     = {On the minimum rank among positive semidefinite matrices with a given graph},
  journal   = {SIAM Journal on Matrix Analysis and Applications},
  year      = {2008},
  volume    = {30},
  number    = {2},
  pages     = {731--740},
  publisher = {SIAM},
}

@Article{johnson1999maximum,
  author    = {Johnson, Charles R. and Duarte, Ant{\'o}nio Leal},
  title     = {The maximum multiplicity of an eigenvalue in a matrix whose graph is a tree},
  journal   = {Linear and Multilinear Algebra},
  year      = {1999},
  volume    = {46},
  number    = {1-2},
  pages     = {139--144},
  publisher = {Taylor \& Francis},
}

@Article{franzblau2002hamiltoniancompletions,
  author    = {Franzblau, DS. and Raychaudhuri, A.},
  title     = {Optimal {H}amiltonian completions and path covers for trees, and a reduction to maximum flow},
  journal   = {The ANZIAM Journal},
  year      = {2002},
  volume    = {44},
  number    = {2},
  pages     = {193--204},
  publisher = {Cambridge University Press},
}

@Book{sipser2006complexity,
  title     = {Introduction to the theory of computation},
  publisher = {Thomson Course Technology Boston},
  year      = {2006},
  author    = {Sipser, Michael},
  edition   = {Druga},
  url       = {http://fuuu.be/polytech/INFOF408/Introduction-To-The-Theory-Of-Computation-Michael-Sipser.pdf},
}

@Article{burgarth2007control,
  author    = {Burgarth, Daniel and Giovannetti, Vittorio},
  title     = {Full control by locally induced relaxation},
  journal   = {Physical review letters},
  year      = {2007},
  volume    = {99},
  number    = {10},
  pages     = {100501},
  publisher = {APS},
}

@Article{severini2008nondiscriminatorypropagation,
  author    = {Severini, Simone},
  title     = {Nondiscriminatory propagation on trees},
  journal   = {Journal of Physics A: Mathematical and Theoretical},
  year      = {2008},
  volume    = {41},
  number    = {48},
  pages     = {482002},
  publisher = {IOP Publishing},
}

@Comment{jabref-meta: databaseType:bibtex;}

% vim: set tw=0:
